@misc{2lFW,
Author = {Roberto H. Schonmann and Renato Vicente and Nestor Caticha},
Title = {{Two-level Fisher-Wright framework with selection and migration: An approach to studying evolution in group structured populations}},
Year = {2011},
note = {arXiv:1106.4783},
}

@article{Acemoglu12,
  title={The network origins of aggregate fluctuations},
  author={Acemoglu, Daron and Carvalho, Vasco M and Ozdaglar, Asuman and Tahbaz-Salehi, Alireza},
  journal={Econometrica},
  volume={80},
  number={5},
  pages={1977--2016},
  year={2012},
  publisher={Wiley Online Library}
}

@book{AcemogluBook,
  title={Introduction to modern economic growth},
  author={Acemoglu, Daron},
  year={2009},
  publisher={MIT press}
}

@BOOK{AmitBook,
  title = {Modeling Brain Function: The World of Attractor Neural Networks},
  publisher = {Cambridge University Press},
  year = {1992},
  author = {Daniel J. Amit},
}

@book{Anderson88,
  title={The economy as an evolving complex system},
  author={Anderson, Philip W and Arrow, Kenneth and Pines, David},
  year={1988},
  publisher={Redwood City, Addison-Wesley Co.}
}

@article {Aoki12,
   author = {Aoki, Masanao and Yoshikawa, Hiroshi},
   title = {{Non-Self-Averaging in Macroeconomic Models: a Criticism of Modern Micro-founded Macroeconomics}},
   journal = {Journal of Economic Interaction and Coordination},
   pages = {1-22},
   volume = {7},
   issue = {1},
   url = {http://dx.doi.org/10.1007/s11403-012-0088-3},
   year = {2012}
}

@BOOK{AokiBook1,
  title ={New Approaches to Macroeconomic Modeling: Evolutionary Stochastic Dynamics, Multiple Equilibria and Externalities as Field Effects},
  publisher = {Cambridge University Press},
  year = {1998},
  author = {Masanao Aoki},
}

@BOOK{AokiBook2,
  title ={Modeling Aggregate Behavior and Fluctuations in Economics: Stochastic Views of Interacting Agents},
  publisher = {Cambridge University Press},
  year = {2002},
  author = {Masanao Aoki},
}


@BOOK{AokiBook3,
  title ={Reconstructing Macroeconomics: A Perspective from Statistical Physics and Combinatorial Stochastic Processes},
  publisher = {Cambridge University Press},
  year = {2011},
  author = {Masanao Aoki and Hiroshi Yoshikawa},
}


@article{AokiSelfAvg,
  title = {{Non-Self-Averaging and the Statistical Mechanics of Endogenous
Macroeconomic Fluctuations}},
  author={Masanao Aoki and Raymond J. Hawkins},
  journal = {Economic Modelling},
  year = {2010},
}


@article{Arrow54,
  title={Existence of an equilibrium for a competitive economy},
  author={Arrow, Kenneth J and Debreu, Gerard},
  journal={Econometrica: Journal of the Econometric Society},
  year={1954},
  publisher={JSTOR}
}

@article{BArthur94,
title = "Inductive Reasoning and Bounded Rationality",
journal = "The American Economic Review",
volume = "84",
year = "1994",
author = "W. Brian Arthur"
}

@article{BEA_handbook,
  title={Input-Ouput modeling and applications},
  author={U.S. Bureau of Economic Analysis (BEA)},
  journal={Concepts and Methods of the Input-Output Accounts},
  year={2009},
  publisher={Washington DC: BEA}
}

@article{BenhabibBisin10,
  title={Present-bias, quasi-hyperbolic discounting, and fixed costs},
  author={Benhabib, Jess and Bisin, Alberto and Schotter, Andrew},
  journal={Games and Economic Behavior},
  volume={69},
  year={2010},
}


@article{BergEngel98,
  title = {{Matrix Games, Mixed Strategies, and Statistical Mechanics}},
  author = {Berg, J. and Engel, A.},
  journal = {Phys. Rev. Lett.},
  volume = {81},
  pages = {4999--5002},
  year = {1998},
}


@article{Bialek12,
  title={Statistical mechanics for natural flocks of birds},
  author={Bialek, William and Cavagna, Andrea and Giardina, Irene and Mora, Thierry and Silvestri, Edmondo and Viale, Massimiliano and Walczak, Aleksandra M},
  journal={Proceedings of the National Academy of Sciences},
  volume={109},
  number={13},
  pages={4786--4791},
  year={2012},
  publisher={National Acad Sciences}
}

@article{BisinMoroTopa11,
  title = {{The Empirical Content of Models with Multiple Equilibria in Economies with Social Interactions}},
  author={Alberto Bisin and Andrea Moro and Giorgio Topa},
  journal = {NBER Working Paper Series},
  year = {2011},
}


@ARTICLE{Blume93,
  author = {Lawrence E. Blume},
  title = {{The Statistical Mechanics of Strategic Interaction}},
  journal = {Games and Economic Behaviour},
  year = {1993},
  volume = {5},
  pages = {387-424},
}


@article {Bouchaud07,
   author = {Borghesi, Christian and Bouchaud, Jean-Philippe},
   title = {Of songs and men: a model for multiple choice with herding},
   journal = {Quality \& Quantity},
   pages = {557-568},
   volume = {41},
   issue = {4},
   year = {2007}
}


@article{Bouchaud13,
title = "Crises and Collective Socio-Economic Phenomena: Simple Models and Challenges",
journal = "Journal of Statistical Physics",
volume = "151",
year = "2013",
author = "Jean-Philippe Bouchaud"
}

@article{Bouchaud2000,
  title={Wealth condensation in a simple model of economy},
  author={Bouchaud, Jean-Philippe and M{\'e}zard, Marc},
  journal={Physica A: Statistical Mechanics and its Applications},
  volume={282},
  number={3},
  pages={536--545},
  year={2000},
  publisher={Elsevier}
}

@article{Bouchaud98,
title = "Rational decisions, random matrices and spin glasses ",
journal = "Physica A",
volume = "259",
year = "1998",
author = "Stefano Galluccio and Jean-Philippe Bouchaud and Marc Potters"
}
 
@Article{BrianArthur94,
  Title                    = {{Inductive Reasoning and Bounded Rationality}},
  Author                   = {W. Brian Arthur},
  Journal                  = {The American Economic Review},
  Year                     = {1994},
  Pages                    = {406-411},
  Volume                   = {84}
}

@techreport{BrockDurlauf00,
 title = {{Interactions-Based Models}},
 author = "William Brock and Steven N. Durlauf",
 institution = "National Bureau of Economic Research",
 type = "Working Paper",
 series = "Technical Working Paper Series",
 number = "258",
 year = "2000",
 note = "\url{http://www.nber.org/papers/t0258}",
}


@ARTICLE{BrockDurlauf01,
  author = {William A. Brock and Steven N. Durlauf},
  title = {{Discrete Choice with Social Interactions}},
  journal = {The Review of Economic Studies},
  year = {2001},
volume = {68},
pages = {235-260},
}


@article{CaVi07,
title = "Long term economic relationships from cointegration maps",
journal = "Physica A: Statistical Mechanics and its Applications",
volume = "380",
number = "0",
pages = "317 - 324",
year = "2007",
author = "Renato Vicente and Carlos de B. Pereira and Vitor B.P. Leite and Nestor Caticha",
}

@article{CaVi11,
Author = {Nestor Caticha and Renato Vicente},
Title = {{Agent-based Social Psychology: from Neurocognitive Processes to Social Data}},
journal = {Advances in Complex Systems},
Year = 2011,
volume = 14,
pages = {711-731},
}

@Article{Caticha94,
  Title                    = {From quenched to annealed: a study of the intermediate dynamics of disorder},
  Author                   = {Caticha, Nestor},
  Journal                  = {Journal of Physics A: Mathematical and General},
  Year                     = {1994},
  Volume                   = {27}
}

@article{Challet97,
  title = {{Emergence of Cooperation and Organization in an Evolutionary Game}},
  author = {Challet, D. and Zhang, Y. C.},
  journal = {Physica A},
  volume = {246},
  pages = {407-418},
  year = {1997},
}

@article{ChalletZhang98,
  title = {{On the Minority Game: Analytical and Numerical Studies}},
  author={D. Challet and Y.-C. Zhang},
  journal = {Physica A},
  year = {1998},
}

@BOOK{CoolenBook,
  title ={The Mathematical Theory of Minority Games},
  year = {2005},
  publisher = {Oxford University Press},
author = {A. C. C. Coolen},
}

@article{DeMartinoMarsili04,
  title = {{Statistical Mechanics Analysis of the Equilibria of Linear Economies}},
  author={De Martino, Andrea and Marsili, Matteo and Castillo, Isaac Perez},
  journal = {J. Stat. Mech.},
  year = {2004},
}

@article{DeMartinoMarsili07,
author={De Martino, Andrea and Marsili, Matteo and Castillo, Isaac Perez},
year={2007},
title={{Typical Properties of Large Random Economies with Linear Activities}},
journal={Macroeconomic Dynamics},
volume={11},
pages={34-61},
}

@BOOK{EngelBook,
  title = {Statistical Mechanics of Learning},
  publisher = {Cambridge University Press},
  year = {2001},
  author = {A. Engel and C. Van den Broeck},
  keywords = {learning},
}

@article{Fiaschi14,
  title={The interrupted power law and the size of shadow banking},
  author={Fiaschi, Davide and Kondor, Imre and Marsili, Matteo and Volpati, Valerio},
  journal={PloS one},
  volume={9},
  year={2014},
}

@article{Foley94,
title = {{A Statistical Equilibrium Theory of Markets}},
journal = "Journal of Economic Theory",
volume = "62",
number = "2",
pages = "321 - 345",
year = "1994",
author = "Duncan K. Foley"
}

@article {Foley96,
author = {Foley, Duncan K.},
title = {{Statistical Equilibrium In a Simple Labor Market}},
journal = {Metroeconomica},
volume = {47},
number = {2},
pages = {125--147},
year = {1996},
}

@MISC{Foley99,
    author = {Duncan K. Foley},
    title = {Statistical Equilibrium in Economics: Method, Interpretation, and an Example},
    year = {1999}
}

@article{FontClos12,
title = "A weighted belief-propagation algorithm for estimating volume-related properties of random polytopes",
journal = "J. Stat. Mech.",
year = "2012",
author = "Francesc Font-Clos and Francesco Alessandro Massucci and Isaac Pérez Castillo",
}

@article{Gabor99,
title = "Portfolios with nonlinear constraints and spin glasses ",
journal = "Physica A",
volume = "274",
year = "1999",
author = "Adrienn Gábor and I Kondor"
}

@article{Gintis07,
author = {Gintis, Herbert},
title = {{The Dynamics of General Equilibrium}},
journal = {The Economic Journal},
volume = {117},
number = {523},
pages = {1280--1309},
year = {2007},
}

@article{Gode1993,
  title={Allocative efficiency of markets with zero-intelligence traders: Market as a partial substitute for individual rationality},
  author={Gode, Dhananjay K and Sunder, Shyam},
  journal={Journal of political economy},
  pages={119--137},
  year={1993},
  publisher={JSTOR}
}

@book{GrangerBook,
author = {Clive W. J. Granger and Geoff Harcourt},
title = {{Empirical Modeling in Economics: Specification and Evaluation}},
year = {1999},
publisher = {Cambridge University Press},
}

@Article{Grauwin09,
  Title                    = {Competition between collective and individual dynamics},
  Author                   = {Grauwin, S{\'e}bastian and Bertin, Eric and Lemoy, R{\'e}mi and Jensen, Pablo},
  Journal                  = {Proceedings of the National Academy of Sciences},
  Year                     = {2009},
  Number                   = {49},
  Volume                   = {106}
}

@article{Jaynes57,
  title={Information theory and statistical mechanics},
  author={Jaynes, Edwin T},
  journal={Physical review},
  volume={106},
  number={4},
  pages={620},
  year={1957},
  publisher={APS}
}

@BOOK{JaynesBook,
  title = {Probability Theory: The Logic of Science},
  publisher = {Cambridge University Press},
  year = {2003},
  author = {E. T. Jaynes},
}

@article{Jerico14,
  title={Moral foundations in an interacting neural networks society: A statistical mechanics analysis},
  author={Vicente, R and Susemihl, A and Jeric{\'o}, JP and Caticha, N},
  journal={Physica A},
  year=2014,
}

@article{Kahneman79,
  title={Prospect theory: An analysis of decision under risk},
  author={Kahneman, Daniel and Tversky, Amos},
  journal={Econometrica: Journal of the Econometric Society},
  year={1979},
}

@article{Kass95,
  title={Bayes factors},
  author={Kass, Robert E and Raftery, Adrian E},
  journal={Journal of the american statistical association},
  volume={90},
  number={430},
  pages={773--795},
  year={1995},
  publisher={Taylor \& Francis Group}
}

@book{Keynes,
  title={A tract on monetary reform},
  author={Keynes, John Maynard},
  year={1923},
}

@ARTICLE{Kirman92,
  author = {Alan P. Kirman},
  title = {{Whom or What Does the Representative Individual Represent?}},
  journal = {The Journal of Economic Perspectives},
  year = {1992},
volume = {2},
pages = {117-136}
}

@article{Kuznets1955,
  title={Economic growth and income inequality},
  author={Kuznets, Simon},
  journal={The American economic review},
  pages={1--28},
  year={1955},
  publisher={JSTOR}
}

@article{Lepper00,
title = "When choice is demotivating: Can one desire too much of a good thing?",
journal = "J. of Personality and Social Psychology",
volume = "79",
year = "2000",
author = "Iyengar, Sheena S. and Lepper, Mark R.",
}


@BOOK{MantegnaBook,
  title = {Introduction to Econophysics: Correlations and Complexity in Finance},
  publisher = {Cambridge University Press},
  year = {2007},
  author = {Rosario N. Mantegna and H. Eugene Stanley},
}

@article{Marsili13,
  title={On sampling and modeling complex systems},
  author={Marsili, Matteo and Mastromatteo, Iacopo and Roudi, Yasser},
  journal={Journal of Statistical Mechanics: Theory and Experiment},
  volume={2013},
  number={09},
  pages={P09003},
  year={2013},
  publisher={IOP Publishing}
}

@BOOK{MezardBook,
  title = {Information, Physics, and Computation},
  publisher = {Oxford University Press},
  year = {2009},
  author = {M. Mezard and A. Montanari},
}

@Book{MinorityGames,
  Title                    = {Minority Games: Interacting Agents in Financial Markets},
  Author                   = {D. Challet and M. Marsili and Y. C. Zhang},
  Publisher                = {Oxford University Press},
  Year                     = {2005}
}

@article{MinorityGames00,
  title = {{Statistical Mechanics of Systems with Heterogeneous Agents: Minority Games}},
  author = {Challet, Damien and Marsili, Matteo and Zecchina, Riccardo},
  journal = {Phys. Rev. Lett.},
  volume = {84},
  pages = {1824-1827},
  year = {2000},
}

@article{MinorityGames99,
  title = {{Phase Transition and Symmetry Breaking in the Minority Game}},
  author = {Challet, Damien and Marsili, Matteo},
  journal = {Phys. Rev. E},
  volume = {60},
  pages = {R6271-R6274},
  year = {1999},
}
                  
@BOOK{NelsonBook,
  title = {Biological Physics: Energy, Information, Life},
  publisher = {W.H. Freeman},
  year = {2003},
  author = {P. Nelson},
}

@BOOK{NewmanBook,
  title = {The Structure and Dynamics of Networks},
  publisher = {Princeton University Press},
  year = {2006},
  author = {M. Newman and A.-L. Barabasi and D.J. Watts},
  keywords = {networks},
  owner = {Renato Vicente},
  timestamp = {2007.11.12}
}

@BOOK{NishimoriBook,
  title = {Statistical Physics of Spin Glasses and Information Processing: An
	Introduction},
  publisher = {Oxford University Press},
  year = {2001},
  author = {H. Nishimori},
}

@BOOK{NowakBook,
  title = {Evolutionary Dynamics: Exploring the Equations of Life},
  publisher = {Belknap Press},
  year = {2006},
  author = {M.A. Nowak},
}

@techreport{Piketty2001,
  title={Income Inequality in the United States, 1913-1998},
  author={Piketty, Thomas and Saez, Emmanuel},
  year={2001},
  institution={National bureau of economic research}
}

@article{Roughgarden10,
  title={Computing equilibria: a computational complexity perspective},
  author={Roughgarden, Tim},
  journal={Economic Theory},
  volume={42},
  year={2010},
}

@BOOK{Salinas,
author = {Sílvio Salinas},
title = {Introdução à Física Estatística},
year = {1997},
publisher = {EDUSP},
}

@article{SavitManucaRiolo99,
  title = {{Adaptive Competition, Market Efficiency, and Phase Transitions}},
  author= {Robert Savit and Radu Manuca and Rick Riolo},
  journal = {Physical Review Letters},
  year = {1999},
}

@ARTICLE{ScheinkmanSocialInt,
  author = {Jose A. Scheinkman},
  title = {{Social Interactions}},
  journal = {The New Palgrave Dictionary of Economics},
  year = 2008,
  note = "\url{http://www.dictionaryofeconomics.com/article?id=pde2008_T000200&edition=current&q=Social\%20Interaction&topicid=&result_number=3}"
}

@BOOK{SchellingBook,
  title = {Micromotives and Macrobehavior},
  publisher = {W.W. Norton and Company},
  year = {1978},
  author = {T.C. Shelling},
  keywords = {economics},
  owner = {Renato Vicente},
  timestamp = {2007.11.12}
}

@Book{Schumpeter39,
  Title                    = {Business cycles},
  Author                   = {Schumpeter, J. A.},
  Publisher                = {Cambridge Univ Press},
  Year                     = {1939}
}

@article{Schwartz02,
title = "Maximizing versus satisficing: happiness is a matter of choice.",
journal = "J. of Personality and Social Psychology",
volume = "83",
year = "2002",
author = "Schwartz, Barry et al.",
}

@BOOK{SethnaBook,
  title = {Statistical Mechanics: Entropy, Order Parameters and Complexity},
  publisher = {Oxford University Press},
  year = {2006},
  author = {J.P. Sethna},
  file = {SethnaBook.pdf:SethnaBook.pdf:PDF},
  keywords = {general},
  owner = {Renato Vicente},
  timestamp = {2007.11.12}
}

@article{Smith2003,
  title={Statistical theory of the continuous double auction},
  author={Smith, Eric and Farmer, J Doyne and Gillemot, L szl and Krishnamurthy, Supriya and others},
  journal={Quantitative finance},
  volume={3},
  number={6},
  pages={481--514},
  year={2003},
  publisher={Taylor \& Francis}
}

@article{Sornette2006Book,
  title={Critical Phenomena in Natural Sciences: Chaos, Fractals, Selforganization and Disorder: Concepts and Tools (Springer Series in Synergetics)},
  author={Sornette, Didier},
  year={2006},
  publisher={Springer}
}

@article{Sornette2008,
  title={Theory of Zipf's Law and of General Power Law Distributions with Gibrat's law of Proportional Growth},
  author={Sai{\v{c}}ev, Aleksandr and Malevergne, Yannick and Sornette, Didier},
  journal={arXiv preprint arXiv:0808.1828},
  year={2008}
}

@book{Sornette2010,
  title={Theory of Zipf's law and beyond},
  author={Sai{\v{c}}ev, Aleksandr and Malevergne, Yannick and Sornette, Didier},
  volume={632},
  year={2010},
  publisher={Springer}
}

@article{Sornette2013,
  title={Zipf's law and maximum sustainable growth},
  author={Sai{\v{c}}ev, Aleksandr and Malevergne, Yannick and Sornette, Didier},
  journal={Journal of Economic Dynamics and Control},
  year={2013},
  publisher={Elsevier}
}

@article{Szabo07,
autor = {György Szabó, Gábor Fáth},
title = {{Evolutionary Games on Graphs}},
journal = "Physics Reports",
volume = "446",
pages = "97 - 216",
year = "2007",
}

@article{Tversky74,
  title={Judgment under uncertainty: Heuristics and biases},
  author={Tversky, Amos and Kahneman, Daniel},
  journal={Science},
  volume={185},
  year={1974},
}

@article{Tversky81,
  title={The framing of decisions and the psychology of choice},
  author={Tversky, Amos and Kahneman, Daniel},
  journal={Science},
  volume={211},
  year={1981},
}

@ARTICLE{WBrianArthur94,
  author = {W. Brian Arthur},
  title = {{Inductive Reasoning and Bounded Rationality}},
  journal = {The American Economic Review},
  year = {1994},
  volume = {84},
  pages = {406-411},
}

@article{Yakovenko00,
author = {A. Dragulescu, V.M. Yakovenko},
title = {{Statistical Mechanics of Money}},
journal = {The European Physical Journal B},
volume = {17},
pages = {723-729},
year = {2000},
}

@article{Yakovenko01,
author = {A. Dragulescu, V.M. Yakovenko},
title = {{Exponential and power-law probability distributions of wealth and income in the United Kingdom and the United States}},
journal = {Physica A},
volume = {299},
pages = {213-221},
year = {2001},
}

@article{Yakovenko2009Review,
  title={Colloquium: Statistical mechanics of money, wealth, and income},
  author={Yakovenko, Victor M and Rosser Jr, J Barkley},
  journal={Reviews of Modern Physics},
  volume={81},
  number={4},
  pages={1703},
  year={2009},
  publisher={APS}
}

@BOOK{axelrod,
author = {Robert Axelrod},
title = {The Evolution of Cooperation},
year = {1984},
publisher = {Basic Books},
}

@ARTICLE{barabasi,
  author = {RÃ©ka Albert and Albert-LÃ¡szlÃ³ BarabÃ¡si},
  title = {Statistical Mechanics of Complex Networks},
  journal = {Reviews of Modern Physics},
  year = {2002},
  volume = {74},
  pages = {47-97},
}

@article{bgb,
author = {Robert Boyd and Herbert Gintis and Samuel Bowles},
title = {{Coordinated Punishment of Defectors Sustains Cooperation and Can Proliferate When Rare}},
journal={Science},
year = {2010},
volume = {328},
pages = {617-620},
}

@misc{bgbSOM,
author = {Robert Boyd and Herbert Gintis and Samuel Bowles},
title = {{Supplementar Online Material: Coordinated Punishment of Defectors Sustains Cooperation and Can Proliferate When Rare}},
journal={Science Online},
year = {2010},
}

@BOOK{bowlesmicroeconomics,
author = {Samuel Bowles},
title = {Microeconomics: Behavior, Institutions, and Evolution},
year = {2006},
publisher = {Princeton University Press},
}

@BOOK{coopspecies,
author = {Samuel Bowles and Herbert Gintis},
title = {A Cooperative Species: Human Reciprocity and Its Evolution},
year = {2011},
publisher = {Princeton University Press},
}

@article{drosselreview,
author = {Barbara Drossel},
title = {{Biological Evolution and Statistical Physics}},
journal={Advances in Physics},
year = {2001},
volume = {50},
pages = {209-295},
}

@Misc{fortune500,
  Title                    = {{Fortune Global 500}},
  Note                     = {\url{http://fortune.com/global500}}
}

@Misc{har,
  Title                    = {{Hit and Run Sampler}},

  Author                   = {Gert van Valkenhoef},
  Note                     = {\url{https://github.com/gertvv/hitandrun}}
}

@BOOK{mascolell,
author = {Andreu Mas-Colell and Michael D. Whinston and Jerry R. Green},
title = {Microeconomic Theory},
year = {1995},
publisher = {The MIT Press},
}

@BOOK{mathematicalmodels,
author = {Richard McElreath and Robert Boyd},
title = {Mathematical Models of Social Evolution},
year = {2007},
publisher = {University of Chicago Press},
}

@BOOK{maynardsmith,
author = {John Maynard Smith},
title = {Evolutionary Genetics},
year = {1998},
publisher = {Oxford University Press},
}
@BOOK{mckenzie,
author = {Lionel W. McKenzie},
title = {Classical General Equilibrium Theory},
year = {2002},
publisher = {Oxford University Press},
}

@BOOK{mezard,
author = {Marc Mézard and Andrea Montanari},
title = {Information, Physics, and Computation},
year = {2009},
publisher = {Oxford University Press},
}

@BOOK{minoritygames,
author = {D. Challet and M. Marsili and Y. C. Zhang},
title = {Minority Games: Interacting Agents in Financial Markets},
year = {2005},
publisher = {Oxford University Press},
}

@BOOK{montecarlo,
author = {M. E. J. Newman and G. T. Barkema},
title = {Monte Carlo Methods in Statistical Physics},
year = {1999},
publisher = {Oxford University Press},
}

@book{nowakdynamics,
Author = {Martin A. Nowak},
Title = {Evolutionary Dynamics},
Year = {2006},
publisher = {Belknap Press of Harvard University Press},
}

@article{orig,
Author = {Nestor Caticha and Renato Vicente},
Title = {{Agent-based Social Psychology: from Neurocognitive Processes to Social Data}},
journal = {Advances in Complex Systems},
Year = {2011},
volume = {14},
pages = {711-731},
}


@BOOK{socialatom,
  title ={The Social Atom: Why the Rich Get Richer, Cheaters Get
                  Caught, and Your Neighbor Usually Looks Like You },
  publisher = {Bloomsbury USA },
  year = {2007},
  author = {M. Buchanan},
  keywords = {},
  owner = {Renato Vicente},
  timestamp = {2007.11.12}
}

@BOOK{statmechoflearning,
author = {A. Engel and C. Van den Broeck},
title = {Statistical Mechanics of Learning},
year = {2001},
publisher = {Cambridge University Press},
}

@article{thurner,
author = {Stefan Thurner and Peter Klimek and Rudolf Hanel},
title = {{Schumpeterian Economic Dynamics as a Quantifiable Model of Evolution}},
journal = {New Journal of Physics},
year = {2010},
volume = {12},
}

@Book{savage,
  Title                    = {The Foundations of Statistics},
  Author                   = {L.J. Savage},
  Publisher                = {Dover Publications},
  Year                     = {1972},

  Owner                    = {renato},
  Timestamp                = {2014.09.03}
}

@book{walras,
  title={Elements of pure economics},
  author={Walras, Leon},
  year={2013},
  publisher={Routledge}
}

@article{axtell05,
  title={The Complexity of Exchange},
  author={Axtell, Robert},
  journal={The Economic Journal},
  volume={115},
  number={504},
  pages={F193--F210},
  year={2005},
}

@article{BouchaudCrisis,
  title={Economics need a scientific revolution},
  author={Bouchaud, Jean-Philippe},
  journal={Nature},
  volume={455},
  pages={1181},
  year={2008}
}

@article{Gabaix2009,
title={Power Laws in Economics and Finance},
author ={Xavier Gabaix},
journal={ Annual Review of Economics},
year = {2009},
volume={1},
pages={255-293},
language={English}
}

@article{Sornette2013,
author={Sai{\v{c}}ev, Aleksandr and Malevergne, Yannick and Sornette, Didier},
title={Zipf's law and maximum sustainable growth},
journal={J. Econ. Dyn. and Control},
year = {2013},
volume={37},
pages={1195-1212},
language={English}
}

@article{SMD30,
  title={The Sonnenschein-Mantel-Debreu results after thirty years},
  author={Rizvi, S. Abu Turab},
  journal={History of Political Economics},
  volume={38},
  pages={228--245},
  year={2006}
}

@book{KirmanBook,
  author    = {Kirman, Alan P}, 
  title     = {Complex economics: individual and collective rationality},
  publisher = {Routledge},
  year      = 2010,
}

@book{TheSpirit,
  author    = {Wilkinson, Richard G and  Pickett, Kate}, 
  title     = {The Spirit Level: Why More Equal Societies Almost Always Do Better},
  publisher = {Allen Lane},
  year      = 2009,
}

@article{PerssonTabellini1994,
 author = {Torsten Persson and Guido Tabellini},
 journal = {The American Economic Review},
 number = {3},
 pages = {600-621},
 publisher = {American Economic Association},
 title = {Is Inequality Harmful for Growth?},
 volume = {84},
 year = {1994}
}

@article{SaezZucman2016,
  title={Wealth Inequality in the United States since 1913: Evidence from Capitalized Income Tax Data},
  author={Saez, Emmanuel and Zucman, Gabriel},
  journal={Quarterly Journal of Economics},
  pages={forthcoming},
  year={2016}
}



@article{Sornette2008,
  title={Theory of Zipf's Law and of General Power Law Distributions with Gibrat's law of Proportional Growth},
  author={Sai{\v{c}}ev, Aleksandr and Malevergne, Yannick and Sornette, Didier},
  journal={arXiv preprint arXiv:0808.1828},
  year={2008}
}

@article{bouchaud2000wealth,
  title={Wealth condensation in a simple model of economy},
  author={Bouchaud, Jean-Philippe and M{\'e}zard, Marc},
  journal={Physica A: Statistical Mechanics and its Applications},
  volume={282},
  number={3},
  pages={536--545},
  year={2000},
  publisher={Elsevier}
}

@article{Sornette2013,
  title={Zipf's law and maximum sustainable growth},
  author={Sai{\v{c}}ev, Aleksandr and Malevergne, Yannick and Sornette, Didier},
  journal={Journal of Economic Dynamics and Control},
  year={2013},
  publisher={Elsevier}
}

@book{Sornette2010,
  title={Theory of Zipf's law and beyond},
  author={Sai{\v{c}}ev, Aleksandr and Malevergne, Yannick and Sornette, Didier},
  volume={632},
  year={2010},
  publisher={Springer}
}

@article{Sornette2006Book,
  title={Critical Phenomena in Natural Sciences: Chaos, Fractals, Selforganization and Disorder: Concepts and Tools (Springer Series in Synergetics)},
  author={Sornette, Didier},
  year={2006},
  publisher={Springer}
}


@article{Marsili2013Sampling,
  title={On sampling and modeling complex systems},
  author={Marsili, Matteo and Mastromatteo, Iacopo and Roudi, Yasser},
  journal={Journal of Statistical Mechanics: Theory and Experiment},
  volume={2013},
  number={09},
  pages={P09003},
  year={2013},
  publisher={IOP Publishing}
}

@article{Gode1993,
  title={Allocative efficiency of markets with zero-intelligence traders: Market as a partial substitute for individual rationality},
  author={Gode, Dhananjay K and Sunder, Shyam},
  journal={Journal of political economy},
  pages={119--137},
  year={1993},
  publisher={JSTOR}
}

@article{Kuznets1955,
  author = {Kuznets, Simon},
  journal = {The American Economic Review},
  number = 1,
  pages = {1--28},
  title = {Economic growth and income inequality},
  volume = 45,
  year = 1955
}

@inbook{QEvox,
  author={Muellbauer, John},
  year= 2003, 
  chapter={Combatting Eurozone deflation: QE for the people}, 
  editor = {Wouter J. Den Haan}, 
  title= {Quantitative Easing: Evolution of economic thinking as it happened on Vox}, 
  publisher= {CEPR Press},
  address= {London}, 
}

@article{QEft,
  author = {Chick, Victoria and Coppola, Frances and 
Dodd, Nigel and et. al.},
  journal = {Financial Times},
  title = {Better ways to boost eurozone economy and employment},
  year = {March 26, 2015}
}

@article{Smith2003,
  title={Statistical theory of the continuous double auction},
  author={Smith, Eric and Farmer, J Doyne and Gillemot, L\'{a}szl\'{o} and Krishnamurthy, Supriya},
  journal={Quantitative finance},
  volume={3},
  number={6},
  pages={481--514},
  year={2003},
  publisher={Taylor \& Francis}
}

@article{SjurFlam2012,
author = {Flam, Sjur Didrik and Gramstad, Kjetil},
title = {Direct exchange in linear economies},
journal = {International Game Theory Review},
volume = {14},
number = {04},
pages = {1240006},
year = {2012},
doi = {10.1142/S0219198912400063},
URL = {http://www.worldscientific.com/doi/abs/10.1142/S0219198912400063},
eprint = {http://www.worldscientific.com/doi/pdf/10.1142/S0219198912400063}
}


@misc{CodeLandes2015,
title = {{Git Repository: (2016)}},

url = {\url{https://github.com/jpjandrade/inequality_freezes_economy}}
}
